@misc{what_is_ml_ibm,
	title        = {What is machine learning?},
	author       = {IBM Cloud Education},
	year         = 2020,
	month        = {Jul},
	journal      = {IBM},
	url          = {https://www.ibm.com/cloud/learn/machine-learning},
	urldate      = {2022-06-11}
}
@misc{what_is_ml_mit,
	title        = {Machine learning, explained},
	author       = {Sara Brown},
	year         = 2021,
	month        = {Apr},
	journal      = {MIT Sloan},
	url          = {https://mitsloan.mit.edu/ideas-made-to-matter/machine-learning-explained},
	urldate      = {2022-06-11}
}
@book{pattern_recognition_ml,
	title        = {Pattern recognition and machine learning},
	author       = {Christopher M Bishop},
	year         = 2006,
	publisher    = {Springer},
	urldate      = {2022-06-11}
}
@book{statistical_learning,
	title        = {The Elements of Statistical Learning},
	author       = {Trevor Hastie and Robert Tibshirani and Jerome Friedman},
	year         = 2009,
	publisher    = {Springer, New York, NY},
	urldate      = {2022-06-11}
}
@article{dt_induction,
	title        = {Induction of Decision Trees},
	author       = {J.R. Quinlan},
	year         = 1985,
	journal      = {Machine Learning 1},
	urldate      = {2022-06-11}
}
@book{intro_to_ga,
	title        = {An Introduction to Genetic Algorithms},
	author       = {Melanie Mitchell},
	year         = 1998,
	publisher    = {MIT Press},
	urldate      = {2022-06-02}
}
@misc{faik_2020,
	title        = {Evolutionary Decision Trees: When Machine Learning draws its Inspiration from Biology},
	author       = {Faik, Lina},
	year         = 2020,
	month        = {Sep},
	journal      = {Medium},
	url          = {https://towardsdatascience.com/evolutionary-decision-trees-when-machine-learning-draws-its-inspiration-from-biology-7d427fa7554b},
	urldate      = {2022-06-02},
	abstractnote = {Discover Evolutionary Decision Trees}
}
@article{blickle_1997,
	title        = {A Comparison of Selection Schemes used in Evolutionary Algorithms},
	author       = {Tobias Blickle and Lothar Thiele},
	year         = 1997,
	journal      = {Evolutionary Computation},
	volume       = 4,
	urldate      = {2022-06-02}
}
@article{Sweetlove_2011,
	title        = {Number of species on Earth tagged at 8.7 million},
	author       = {Sweetlove, Lee},
	year         = 2011,
	month        = {Aug},
	journal      = {Nature},
	issn         = {1476-4687},
	url          = {https://www.nature.com/articles/news.2011.498},
	urldate      = {2022-06-06},
	language     = {en}
}
@article{Buhrmester_Munch_Arens_2019,
	title        = {Analysis of Explainers of Black Box Deep Neural Networks for Computer Vision: A Survey},
	author       = {Buhrmester, Vanessa and MÃ¼nch, David and Arens, Michael},
	year         = 2019,
	month        = {Nov},
	journal      = {arXiv:1911.12116 [cs]},
	url          = {http://arxiv.org/abs/1911.12116},
	urldate      = {2022-06-06}
}
@misc{Supervised_unsupervised_learning,
	title        = {Supervised Vs. Unsupervised Learning: What's the Difference?},
	author       = {Delua, Julianna},
	year         = 2021,
	month        = {Mar},
	url          = {https://www.ibm.com/cloud/blog/supervised-vs-unsupervised-learning},
	urldate      = {2022-06-06},
	language     = {en-us}
}
@misc{misc_mushroom_73,
	title        = {{Mushroom}},
	year         = 1987,
	urldate      = {2022-07-02},
	howpublished = {UCI Machine Learning Repository}
}
@article{scikit-learn,
	title        = {Scikit-learn: Machine Learning in {P}ython},
	author       = {Pedregosa, F. and Varoquaux, G. and Gramfort, A. and Michel, V. and Thirion, B. and Grisel, O. and Blondel, M. and Prettenhofer, P. and Weiss, R. and Dubourg, V. and Vanderplas, J. and Passos, A. and Cournapeau, D. and Brucher, M. and Perrot, M. and Duchesnay, E.},
	year         = 2011,
	journal      = {Journal of Machine Learning Research},
	volume       = 12,
	pages        = {2825--2830},
	urldate      = {2022-07-02}
}
@article{ke2017lightgbm,
	title        = {Lightgbm: A highly efficient gradient boosting decision tree},
	author       = {Ke, Guolin and Meng, Qi and Finley, Thomas and Wang, Taifeng and Chen, Wei and Ma, Weidong and Ye, Qiwei and Liu, Tie-Yan},
	year         = 2017,
	journal      = {Advances in neural information processing systems},
	volume       = 30,
	pages        = {3146--3154},
	urldate      = {2022-07-02}
}
