@misc{what_is_ml_ibm,
  title   = {What is machine learning?},
  author  = {IBM Cloud Education},
  year    = 2020,
  month   = {Jul},
  journal = {IBM},
  url     = {https://www.ibm.com/cloud/learn/machine-learning}
}
@misc{what_is_ml_mit,
  title   = {Machine learning, explained},
  author  = {Sara Brown},
  year    = 2021,
  month   = {Apr},
  journal = {MIT Sloan},
  url     = {https://mitsloan.mit.edu/ideas-made-to-matter/machine-learning-explained}
}
@misc{dt_skl_doc,
  title  = {1.10. Decision Trees},
  author = {scikit-learn developers},
  year   = 2021,
  month  = {Dec},
  url    = {https://scikit-learn.org/stable/modules/tree.html}
}
@book{pattern_recognition_ml,
  author    = {Christopher M Bishop},
  publisher = {Springer},
  title     = {Pattern recognition and machine learning},
  year      = {2006}
}
@book{statistical_learning,
  author    = {Trevor Hastie and Robert Tibshirani and Jerome Friedman},
  publisher = {Springer, New York, NY},
  title     = {The Elements of Statistical Learning},
  year      = {2009}
}
@article{dt_induction,
  author  = {J.R. Quinlan},
  journal = {Machine Learning 1},
  title   = {Induction of Decision Trees},
  year    = {1985}
}
@book{intro_to_ga,
  author         = {Melanie Mitchell},
  publisher      = {MIT Press},
  title          = {An Introduction to Genetic Algorithms},
  year           = {1998}
}